@inproceedings{keidar2011fast,
  title={Fast frontier detection for robot exploration},
  author={Keidar, Matan and Sadeh-Or, Eran and Kaminka, Gal A},
  booktitle={International Conference on Autonomous Agents and Multiagent Systems},
  pages={281--294},
  year={2011},
  organization={Springer}
}

@article{topiwala2018frontier,
	title={Frontier based exploration for autonomous robot},
	author={Topiwala, Anirudh and Inani, Pranav and Kathpal, Abhishek},
	journal={arXiv preprint arXiv:1806.03581},
	year={2018}
}